@PREAMBLE{
 "\providecommand{\noopsort}[1]{}" 
 # "\providecommand{\singleletter}[1]{#1}%" 
}

@misc{Top500,
  title = {November2020},
  howpublished = {\url{https://www.top500.org/lists/top500/2020/11/}},
  note = {Accessed: 2023-05-30}
}

@article{Cirac,
  title = {Quantum Computations with Cold Trapped Ions},
  author = {Cirac, J. I. and Zoller, P.},
  journal = {Phys. Rev. Lett.},
  volume = {74},
  issue = {20},
  pages = {4091--4094},
  numpages = {0},
  year = {1995},
  month = {May},
  publisher = {American Physical Society},
  doi = {10.1103/PhysRevLett.74.4091},
  url = {https://link.aps.org/doi/10.1103/PhysRevLett.74.4091}
}

@article{Bruzewicz,
  title={Trapped-ion quantum computing: Progress and challenges},
  author={Bruzewicz, Colin D and Chiaverini, John and McConnell, Robert and Sage, Jeremy M},
  journal={Applied Physics Reviews},
  volume={6},
  number={2},
  year={2019},
  publisher={AIP Publishing}
}

@article{DOnofrio,
  title = {Radial Two-Dimensional Ion Crystals in a Linear Paul Trap},
  author = {D'Onofrio, Marissa and Xie, Yuanheng and Rasmusson, A. J. and Wolanski, Evangeline and Cui, Jiafeng and Richerme, Philip},
  journal = {Phys. Rev. Lett.},
  volume = {127},
  issue = {2},
  pages = {020503},
  numpages = {6},
  year = {2021},
  month = {Jul},
  publisher = {American Physical Society},
  doi = {10.1103/PhysRevLett.127.020503},
  url = {https://link.aps.org/doi/10.1103/PhysRevLett.127.020503}
}

@misc{Moses,
  title={A Race Track Trapped-Ion Quantum Processor}, 
  author={S. A. Moses and C. H. Baldwin and M. S. Allman and R. Ancona and L. Ascarrunz and C. Barnes and J. Bartolotta and B. Bjork and P. Blanchard and M. Bohn and J. G. Bohnet and N. C. Brown and N. Q. Burdick and W. C. Burton and S. L. Campbell and J. P. Campora III au2 and C. Carron and J. Chambers and J. W. Chan and Y. H. Chen and A. Chernoguzov and E. Chertkov and J. Colina and J. P. Curtis and R. Daniel and M. DeCross and D. Deen and C. Delaney and J. M. Dreiling and C. T. Ertsgaard and J. Esposito and B. Estey and M. Fabrikant and C. Figgatt and C. Foltz and M. Foss-Feig and D. Francois and J. P. Gaebler and T. M. Gatterman and C. N. Gilbreth and J. Giles and E. Glynn and A. Hall and A. M. Hankin and A. Hansen and D. Hayes and B. Higashi and I. M. Hoffman and B. Horning and J. J. Hout and R. Jacobs and J. Johansen and L. Jones and J. Karcz and T. Klein and P. Lauria and P. Lee and D. Liefer and C. Lytle and S. T. Lu and D. Lucchetti and A. Malm and M. Matheny and B. Mathewson and K. Mayer and D. B. Miller and M. Mills and B. Neyenhuis and L. Nugent and S. Olson and J. Parks and G. N. Price and Z. Price and M. Pugh and A. Ransford and A. P. Reed and C. Roman and M. Rowe and C. Ryan-Anderson and S. Sanders and J. Sedlacek and P. Shevchuk and P. Siegfried and T. Skripka and B. Spaun and R. T. Sprenkle and R. P. Stutz and M. Swallows and R. I. Tobey and A. Tran and T. Tran and E. Vogt and C. Volin and J. Walker and A. M. Zolot and J. M. Pino},
  year={2023},
  eprint={2305.03828},
  archivePrefix={arXiv},
  primaryClass={quant-ph}
}

@article{Kiesenhofer,
  title = {Controlling Two-Dimensional Coulomb Crystals of More Than 100 Ions in a Monolithic Radio-Frequency Trap},
  author = {Kiesenhofer, Dominik and Hainzer, Helene and Zhdanov, Artem and Holz, Philip C. and Bock, Matthias and Ollikainen, Tuomas and Roos, Christian F.},
  journal = {PRX Quantum},
  volume = {4},
  issue = {2},
  pages = {020317},
  numpages = {16},
  year = {2023},
  month = {Apr},
  publisher = {American Physical Society},
  doi = {10.1103/PRXQuantum.4.020317},
  url = {https://link.aps.org/doi/10.1103/PRXQuantum.4.020317}
}

@article{Kato,
  title = {Two-tone Doppler cooling of radial two-dimensional crystals in a radio-frequency ion trap},
  author = {Kato, Alexander and Goel, Apurva and Lee, Raymond and Ye, Zeyu and Karki, Samip and Liu, Jian Jun and Nomerotski, Andrei and Blinov, Boris B.},
  journal = {Phys. Rev. A},
  volume = {105},
  issue = {2},
  pages = {023101},
  numpages = {8},
  year = {2022},
  month = {Feb},
  publisher = {American Physical Society},
  doi = {10.1103/PhysRevA.105.023101},
  url = {https://link.aps.org/doi/10.1103/PhysRevA.105.023101}
}

@article{Warring,
  title = {Individual-Ion Addressing with Microwave Field Gradients},
  author = {Warring, U. and Ospelkaus, C. and Colombe, Y. and J\"ordens, R. and Leibfried, D. and Wineland, D. J.},
  journal = {Phys. Rev. Lett.},
  volume = {110},
  issue = {17},
  pages = {173002},
  numpages = {5},
  year = {2013},
  month = {Apr},
  publisher = {American Physical Society},
  doi = {10.1103/PhysRevLett.110.173002},
  url = {https://link.aps.org/doi/10.1103/PhysRevLett.110.173002}
}

@article{Dietrich,
  title = {Hyperfine and optical barium ion qubits},
  author = {Dietrich, M. R. and Kurz, N. and Noel, T. and Shu, G. and Blinov, B. B.},
  journal = {Phys. Rev. A},
  volume = {81},
  issue = {5},
  pages = {052328},
  numpages = {4},
  year = {2010},
  month = {May},
  publisher = {American Physical Society},
  doi = {10.1103/PhysRevA.81.052328},
  url = {https://link.aps.org/doi/10.1103/PhysRevA.81.052328}
}

@article{Brown,
  title = {Comparing Zeeman qubits to hyperfine qubits in the context of the surface code: $^{174}\mathrm{Yb}^{+}$ and $^{171}\mathrm{Yb}^{+}$},
  author = {Brown, Natalie C. and Brown, Kenneth R.},
  journal = {Phys. Rev. A},
  volume = {97},
  issue = {5},
  pages = {052301},
  numpages = {6},
  year = {2018},
  month = {May},
  publisher = {American Physical Society},
  doi = {10.1103/PhysRevA.97.052301},
  url = {https://link.aps.org/doi/10.1103/PhysRevA.97.052301}
}

@article{Bardin,
  title = {Microwaves in Quantum Computing},
  author = {Bardin, J. C. and Slichter, D. H. and Reilly, D. J.},
  journal = {IEEE journal of microwaves},
  numpages = {55},
  year = {2021},
  month = {August},
  publisher = {National Institutes of Health},
  doi = {10.1109/JMW.2020.3034071},
  url = {https://doi.org/10.1109/JMW.2020.3034071}
}

@article{Noek,
  author = {Rachel Noek and Geert Vrijsen and Daniel Gaultney and Emily Mount and Taehyun Kim and Peter Maunz and Jungsang Kim},
  journal = {Opt. Lett.},
  keywords = {Optical systems; Quantum information and processing ; Bandpass filters; Optical components; Optical pumping; Photon counting; Spatial filtering; Two level systems},
  number = {22},
  pages = {4735--4738},
  publisher = {Optica Publishing Group},
  title = {High speed, high fidelity detection of an atomic hyperfine qubit},
  volume = {38},
  month = {Nov},
  year = {2013},
  url = {https://opg.optica.org/ol/abstract.cfm?URI=ol-38-22-4735},
  doi = {10.1364/OL.38.004735}
}

@article{Hayes,
  address = {United States},
  copyright = {2020. This work is published under http://arxiv.org/licenses/nonexclusive-distrib/1.0/ (the “License”). Notwithstanding the ProQuest Terms and Conditions, you may use this content in accordance with the terms of the License.},
  issn = {0031-9007},
  journal = {Physical review letters},
  keywords = {Error correction ; Error correction & detection ; Leakage ; Optical pumping ; Population ; Quadrupoles ; Qubits (quantum computing) ; Side effects ; Standard error ; Subspaces},
  number = {17},
  pages = {170501-170501},
  publisher = {Cornell University Library, arXiv.org},
  title = {Eliminating Leakage Errors in Hyperfine Qubits},
  volume = {124},
  year = {2020},
  author = {Hayes, D and Stack, D and Bjork, B and Potter, A C and Baldwin, C H and Stutz, R P}
}

@article{Toyoda,
  title = {Quantum gate using qubit states separated by terahertz},
  author = {Toyoda, Kenji and Haze, Shinsuke and Yamazaki, Rekishu and Urabe, Shinji},
  journal = {Phys. Rev. A},
  volume = {81},
  issue = {3},
  pages = {032322},
  numpages = {5},
  year = {2010},
  month = {Mar},
  publisher = {American Physical Society},
  doi = {10.1103/PhysRevA.81.032322},
  url = {https://link.aps.org/doi/10.1103/PhysRevA.81.032322}
}

@article{Akerman,
  doi = {10.1088/1367-2630/17/11/113060},
  url = {https://dx.doi.org/10.1088/1367-2630/17/11/113060},
  year = {2015},
  month = {nov},
  publisher = {IOP Publishing},
  volume = {17},
  number = {11},
  pages = {113060},
  author = {Nitzan Akerman and Nir Navon and Shlomi Kotler and Yinnon Glickman and Roee Ozeri},
  title = {Universal gate-set for trapped-ion qubits using a narrow linewidth diode laser},
  journal = {New Journal of Physics}
}

@article{Bermudez,
  title = {Assessing the Progress of Trapped-Ion Processors Towards Fault-Tolerant Quantum Computation},
  author = {Bermudez, A. and Xu, X. and Nigmatullin, R. and O'Gorman, J. and Negnevitsky, V. and Schindler, P. and Monz, T. and Poschinger, U. G. and Hempel, C. and Home, J. and Schmidt-Kaler, F. and Biercuk, M. and Blatt, R. and Benjamin, S. and M\"uller, M.},
  journal = {Phys. Rev. X},
  volume = {7},
  issue = {4},
  pages = {041061},
  numpages = {41},
  year = {2017},
  month = {Dec},
  publisher = {American Physical Society},
  doi = {10.1103/PhysRevX.7.041061},
  url = {https://link.aps.org/doi/10.1103/PhysRevX.7.041061}
}

@Article{Bruzewicz-2,
  author={Bruzewicz, Colin D.
  and McConnell, Robert
  and Chiaverini, John
  and Sage, Jeremy M.},
  title={Scalable loading of a two-dimensional trapped-ion array},
  journal={Nature Communications},
  year={2016},
  month={Sep},
  day={28},
  volume={7},
  number={1},
  pages={13005},
  issn={2041-1723},
  doi={10.1038/ncomms13005},
  url={https://doi.org/10.1038/ncomms13005}
}

@Article{Zhang,
  author={Zhang, J.
  and Pagano, G.
  and Hess, P. W.
  and Kyprianidis, A.
  and Becker, P.
  and Kaplan, H.
  and Gorshkov, A. V.
  and Gong, Z.-X.
  and Monroe, C.},
  title={Observation of a many-body dynamical phase transition with a 53-qubit quantum simulator},
  journal={Nature},
  year={2017},
  month={Nov},
  day={01},
  volume={551},
  number={7682},
  pages={601-604},
  abstract={Many-body dynamical phases in an Ising-like quantum spin model with long-range interactions are observed by measuring correlations in single shots, using a quantum simulator composed of 53 qubits.},
  issn={1476-4687},
  doi={10.1038/nature24654},
  url={https://doi.org/10.1038/nature24654}
}

@article{Monz,
  abstract = {We report the creation of Greenberger-Horne-Zeilinger states with up to 14 qubits. By investigating the coherence of up to 8 ions over time, we observe a decay proportional to the square of the number of qubits. The observed decay agrees with a theoretical model which assumes a system affected by correlated, Gaussian phase noise. This model holds for the majority of current experimental systems developed towards quantum computation and quantum metrology.},
  author = {Monz, Thomas and Schindler, Philipp and Barreiro, Julio T. and Chwalla, Michael and Nigg, Daniel and Coish, William A. and Harlander, Maximilian and Haensel, Wolfgang and Hennrich, Markus and Blatt, Rainer},
  address = {COLLEGE PK},
  copyright = {2011 American Physical Society},
  issn = {0031-9007},
  journal = {Physical review letters},
  keywords = {ATOMIC AND MOLECULAR PHYSICS ; CLASSICAL AND QUANTUM MECHANICS, GENERAL PHYSICS ; Coherence ; COMPUTERS ; CURRENTS ; DECAY ; INFORMATION ; NOISE ; Physical Sciences ; Physics ; Physics - Quantum Physics ; Physics, Multidisciplinary ; QUANTUM COMPUTERS ; QUANTUM ENTANGLEMENT ; QUANTUM INFORMATION ; QUBITS ; Qubits (quantum computing) ; Science & Technology},
  language = {eng},
  number = {13},
  pages = {130506-130506},
  publisher = {Amer Physical Soc},
  title = {14-Qubit Entanglement: Creation and Coherence},
  volume = {106},
  year = {2011}
}

@article{Leung,
  title = {Entangling an arbitrary pair of qubits in a long ion crystal},
  author = {Leung, Pak Hong and Brown, Kenneth R.},
  journal = {Phys. Rev. A},
  volume = {98},
  issue = {3},
  pages = {032318},
  numpages = {6},
  year = {2018},
  month = {Sep},
  publisher = {American Physical Society},
  doi = {10.1103/PhysRevA.98.032318},
  url = {https://link.aps.org/doi/10.1103/PhysRevA.98.032318}
}
